@article{ponet,
author = {He, Jiang and Yuan, Qiangqiang and Li, Jie and Zhang, Liangpei},
title = {PoNet: A universal physical optimization-based spectral super-resolution network for arbitrary multispectral images},
journal = {Information Fusion},
volume = {80},
pages = {205-225},
year = {2022},
}


@article{hsrnet,
author = {He, Jiang and Li, Jie and Yuan, Qiangqiang and Shen, Huanfeng and Zhang, Liangpei},
title = {Spectral Response Function-Guided Deep Optimization-Driven Network for Spectral Super-Resolution},
journal = {IEEE Transactions on Neural Networks and Learning Systems},
volume = {},
number = {},
pages = {},
year = {2021},
}